<record xmlns="http://www.loc.gov/MARC21/slim" xmlns:xsi="http://www.w3.org/2001/XMLSchema-instance" xsi:schemaLocation="http://www.loc.gov/MARC21/slim http://www.loc.gov/standards/marcxml/schema/MARC21slim.xsd"><leader>01599nam a2200361   4500</leader><controlfield tag="001">001679826</controlfield><controlfield tag="003">NNU</controlfield><controlfield tag="006">m        d        </controlfield><controlfield tag="007">cr cn |||m|||a</controlfield><controlfield tag="008">150110s194u    le a    ob    000 0bara d</controlfield><datafield ind1=" " ind2=" " tag="040"><subfield code="a">NNU</subfield><subfield code="b">eng</subfield><subfield code="c">NNU</subfield></datafield><datafield ind1=" " ind2=" " tag="043"><subfield code="a">a-le---</subfield></datafield><datafield ind1="0" ind2=" " tag="050"><subfield code="a">PA4024.A7</subfield><subfield code="b">A38</subfield></datafield><datafield ind1="0" ind2="4" tag="082"><subfield code="a">892.7/1/5</subfield><subfield code="2">19</subfield></datafield><datafield ind1="1" ind2=" " tag="100"><subfield code="6">880-01</subfield><subfield code="a">S&#803;awa&#772;ya&#772;, Mikha&#772;&#700;i&#772;l.</subfield></datafield><datafield ind1="1" ind2="0" tag="245"><subfield code="6">880-02</subfield><subfield code="a">Sulayma&#772;n al-Busta&#772;ni&#772; wa-Ilya&#772;dhat Hu&#772;mi&#772;ru&#772;s</subfield><subfield code="h">[electronic resource] /</subfield><subfield code="c">Mikha&#772;&#700;i&#772;l S&#803;awa&#772;ya&#772;.</subfield></datafield><datafield ind1=" " ind2=" " tag="260"><subfield code="6">880-03</subfield><subfield code="a">Bayru&#772;t :</subfield><subfield code="b">Maktabat S&#803;a&#772;dir,</subfield><subfield code="c">[194-?]</subfield></datafield><datafield ind1=" " ind2=" " tag="300"><subfield code="a">online resource (184 p.) :</subfield><subfield code="b">ill.</subfield></datafield><datafield ind1=" " ind2=" " tag="500"><subfield code="a">Part of the Arabic Collections Online (ACO) project, contributed by New York Univeristy Libraries.</subfield></datafield><datafield ind1=" " ind2=" " tag="504"><subfield code="a">Includes bibliographical references.</subfield></datafield><datafield ind1=" " ind2=" " tag="533"><subfield code="a">Electronic reproduction.</subfield><subfield code="b">New York, N.Y. :</subfield><subfield code="c">New York University,</subfield><subfield code="d">2015.</subfield><subfield code="5">NNU</subfield></datafield><datafield ind1="0" ind2="0" tag="600"><subfield code="a">Homer.</subfield><subfield code="t">Iliad.</subfield></datafield><datafield ind1="1" ind2="0" tag="600"><subfield code="a">Busta&#772;ni&#772;, Sulayma&#772;n</subfield><subfield code="v">Biography.</subfield></datafield><datafield ind1="0" ind2="0" tag="600"><subfield code="a">Homer</subfield><subfield code="x">Translations, Arabic.</subfield></datafield><datafield ind1="2" ind2=" " tag="710"><subfield code="a">New York University.</subfield><subfield code="b">Libraries.</subfield></datafield><datafield ind1="0" ind2=" " tag="730"><subfield code="a">Arabic Collections Online.</subfield></datafield><datafield ind1="0" ind2="8" tag="776"><subfield code="i">Print version:</subfield><subfield code="a">S&#803;awa&#772;ya&#772;, Mikha&#772;&#700;i&#772;l.</subfield><subfield code="t">Sulayma&#772;n al-Busta&#772;ni&#772; wa-Ilya&#772;dhat Hu&#772;mi&#772;ru&#772;s</subfield><subfield code="w">(NNU)001679826</subfield><subfield code="w">(DLC)ne 66002067</subfield></datafield><datafield ind1="4" ind2="0" tag="856"><subfield code="u">http://hdl.handle.net/2333.1/nzs7h5s3</subfield></datafield><datafield ind1="1" ind2=" " tag="880"><subfield code="6">100-01/</subfield><subfield code="a">&#1589;&#1608;&#1575;&#1610;&#1575;&#1548; &#1605;&#1582;&#1575;&#1574;&#1610;&#1604;.</subfield></datafield><datafield ind1="1" ind2="0" tag="880"><subfield code="6">245-02/</subfield><subfield code="a">&#1587;&#1604;&#1610;&#1605;&#1575;&#1606; &#1575;&#1604;&#1576;&#1587;&#1578;&#1575;&#1606;&#1610; &#1608;&#1575;&#1604;&#1610;&#1575;&#1584;&#1577; &#1607;&#1608;&#1605;&#1610;&#1585;&#1608;&#1587; /</subfield><subfield code="c">&#1605;&#1582;&#1575;&#1574;&#1610;&#1604; &#1589;&#1608;&#1575;&#1610;&#1575;.</subfield></datafield><datafield ind1=" " ind2=" " tag="880"><subfield code="6">260-03/</subfield><subfield code="a">&#1576;&#1610;&#1585;&#1608;&#1578; :</subfield><subfield code="b">&#1605;&#1603;&#1578;&#1576;&#1577; &#1589;&#1575;&#1583;&#1585;&#1548;</subfield><subfield code="c">[194-?]</subfield></datafield><datafield ind1=" " ind2=" " tag="959"><subfield code="a">NNU</subfield><subfield code="b">WEB</subfield><subfield code="c">GENI</subfield><subfield code="t">0</subfield><subfield code="m">Electronic access</subfield><subfield code="s">01</subfield></datafield><datafield ind1=" " ind2=" " tag="999"><subfield code="i">NNU_001679826</subfield><subfield code="o" /></datafield></record>